<record><leader>00000cas a22000007a 4500</leader><controlfield tag="001">11933303</controlfield><controlfield tag="008">850417u1921uuuunjuwr ne      0    0hun d</controlfield><datafield ind1=" " ind2=" " tag="010"><subfield code="a">sn 85035584 </subfield></datafield><datafield ind1=" " ind2=" " tag="040"><subfield code="a">NPA</subfield><subfield code="b">eng</subfield><subfield code="c">NPA</subfield><subfield code="d">DLC</subfield><subfield code="d">OCLCQ</subfield><subfield code="d">OCLCF</subfield><subfield code="d">OCLCO</subfield></datafield><datafield ind1=" " ind2=" " tag="042"><subfield code="a">msc</subfield></datafield><datafield ind1="0" ind2="0" tag="245"><subfield code="a">Magyar szo&#769; =</subfield><subfield code="b">Hungarian press.</subfield></datafield><datafield ind1="3" ind2="1" tag="246"><subfield code="a">Hungarian press</subfield></datafield><datafield ind1=" " ind2=" " tag="260"><subfield code="a">Perth Amboy, N.J. :</subfield><subfield code="b">Adalbert Pogany,</subfield><subfield code="c">1921-</subfield></datafield><datafield ind1=" " ind2=" " tag="300"><subfield code="a">v.</subfield></datafield><datafield ind1=" " ind2=" " tag="310"><subfield code="a">Weekly</subfield></datafield><datafield ind1="0" ind2=" " tag="362"><subfield code="a">Vol. 1 [no. 1] (1921 Apr. 28)-</subfield></datafield><datafield ind1=" " ind2=" " tag="530"><subfield code="a">Also issued on microfilm by Rutgers University Library, New Brunswick, N.J.</subfield></datafield><datafield ind1=" " ind2=" " tag="546"><subfield code="a">In Hungarian.</subfield></datafield><datafield ind1=" " ind2="0" tag="650"><subfield code="a">Hungarians</subfield><subfield code="z">New Jersey</subfield><subfield code="z">Perth Amboy</subfield><subfield code="v">Newspapers.</subfield></datafield><datafield ind1=" " ind2="7" tag="655"><subfield code="a">Newspapers.</subfield><subfield code="2">fast</subfield><subfield code="0">(OCoLC)fst01423814</subfield></datafield><datafield ind1=" " ind2="7" tag="650"><subfield code="a">Hungarians.</subfield><subfield code="2">fast</subfield><subfield code="0">(OCoLC)fst00964057</subfield></datafield><datafield ind1=" " ind2="7" tag="651"><subfield code="a">New Jersey</subfield><subfield code="z">Perth Amboy.</subfield><subfield code="2">fast</subfield><subfield code="0">(OCoLC)fst01220773</subfield></datafield><datafield ind1=" " ind2=" " tag="752"><subfield code="a">United States</subfield><subfield code="b">New Jersey</subfield><subfield code="c">Middlesex</subfield><subfield code="d">Perth Amboy.</subfield></datafield><datafield ind1="0" ind2="0" tag="780"><subfield code="t">Perth Amboyi Magyar sz&#697;o</subfield><subfield code="w">(DLC)sn 85035583</subfield><subfield code="w">(OCoLC)11933299</subfield></datafield></record>